@article{article,
	author = "Casella, Francesco and Richter, Christoph",
	year = "2010",
	month = "09",
	title = "ExternalMedia: A Library for Easy Re-Use of External Fluid Property Code in Modelica ExternalMedia: A Library for Easy Re-Use of External Fluid Property Code in Modelica",
	journal = "Proceedings 6th International Modelica Conference"
}

@misc{ue2019,
	title = "Commission Delegated Regulation (EU) 2019/2016 of 11 March 2019 supplementing Regulation (EU) 2017/1369 of the European Parliament and of the Council with regard to energy labelling of refrigerating appliances and repealing Commission Delegated Regulation (EU) No 1060/2010 (Text with EEA relevance.)",
	organization = "{European Comission}",
	author = "Jean-Claude Juncker",
	year = "2019",
	address = "Bruxelas, BE",
	url = "https://webgate.ec.europa.eu/regdel/#/delegatedActs/941",
	urldate = "2020-04-23"
}

@inbook{backpropagation-ref,
	author = "Charu C. Aggarwal",
	title = "Training Deep Neural Networks",
	booktitle = "Neural Networks and Deep Learning",
	date = "2018",
	booksubtitle = "A Textbook",
	publisher = "Springer",
	chapter = "3",
	pages = "105--165"
}

@book{fox2010,
	title="Introdução à Mecânica dos Fluidos",
	author = "Robert W. Fox and Philip J. Pritchard and Alan T. McDonald",
	year = "2010",
	publisher = "Livros Técnicos e Científicos Editora Ltda.",
	edition="7"
}

@inproceedings{sylvain2014,
	author = "Quoilin, Sylvain and Desideri, Adriano and Wronski, Jorrit and Bell, Ian and Lemort, Vincent",
	year = "2014",
	pages = "683--692",
	number = "96",
	conference-number = "10",
	title = "ThermoCycle: A Modelica library for the simulation of thermodynamic systems",
	booktitle = "International Modelica Conference"
}



@thesis{senger2014,
	title = "Estudo e desenvolvimento de estratégias de controle para um sistema de refrigeração de duplo-evaporador",
	author = "Guilherme Aguiar Senger",
	year = "2014",
	type = "Mestrado em Engenharia Mecânica (Dissertação)",
	institution = "Universidade Federal de Santa Catarina"
}


@techreport{gerlach2001,
	author    = "Gerlach, D. W. and Newell, T. A.",
	title     = "Dual evaporator household refrigerator performance testing and simulation",
	institution = "Air Conditioning and Refrigeration Center",
	type = "CR",
	number   = "40",
	address  = "Illinois",
	year      = "2001",
	month    = "3",
}


@manual{iso2005,
	organization = "International Organization for Standardization",
	title = "ISO 15002, Household refrigerating appliances -- characteristics and test methods",
	year = "2005"
}
